<collection xmlns="http://www.loc.gov/MARC21/slim">
<record>
  <leader>01296nam0a22002651i 450 </leader>
  <controlfield tag="001">IT\ICCU\CNCE\018646</controlfield>
  <controlfield tag="005">20050516000000.0</controlfield>
  <datafield tag="100" ind1=" " ind2=" ">
    <subfield code="a">19970101d1596        0itac0103    ba</subfield>
  </datafield>
  <datafield tag="101" ind1=" " ind2=" ">
    <subfield code="a">LAT</subfield>
  </datafield>
  <datafield tag="102" ind1=" " ind2=" ">
    <subfield code="a">IT</subfield>
  </datafield>
  <datafield tag="200" ind1="1" ind2=" ">
    <subfield code="a">℗Augustini Fabae Sauilianensis philosophi et medici ℗In tres Aristotelis libros De anima praeclarissima commentaria nunc primum in lucem edita Ioachimo Perionio translatore. Cum sententiarum omnium tam quae in textu quam quae in expositione continentur indice locupletissimo</subfield>
  </datafield>
  <datafield tag="210" ind1=" " ind2=" ">
    <subfield code="a">Sauiliani</subfield>
    <subfield code="c">apud Virgilium de Zangrandis</subfield>
    <subfield code="d">1596</subfield>
  </datafield>
  <datafield tag="215" ind1=" " ind2=" ">
    <subfield code="a">912 col.</subfield>
    <subfield code="d">fol</subfield>
  </datafield>
  <datafield tag="620" ind1=" " ind2=" ">
    <subfield code="a">IT</subfield>
    <subfield code="d">Savigliano</subfield>
  </datafield>
  <datafield tag="700" ind1=" " ind2="1">
    <subfield code="a">Fava,</subfield>
    <subfield code="b">Agostino</subfield>
    <subfield code="3">IT\ICCU\CNCA\005273</subfield>
  </datafield>
  <datafield tag="702" ind1=" " ind2="0">
    <subfield code="a">Aristoteles</subfield>
    <subfield code="3">IT\ICCU\CNCA\000006</subfield>
  </datafield>
  <datafield tag="702" ind1=" " ind2="1">
    <subfield code="a">Přion,</subfield>
    <subfield code="b">Joachim</subfield>
    <subfield code="3">IT\ICCU\CNCA\000286</subfield>
  </datafield>
  <datafield tag="712" ind1="0" ind2="0">
    <subfield code="a">Giangrandi, Virgilio</subfield>
    <subfield code="3">IT\ICCU\CNCT\000340</subfield>
    <subfield code="4">650</subfield>
  </datafield>
  <datafield tag="790" ind1=" " ind2="1">
    <subfield code="a">Faba,</subfield>
    <subfield code="b">Augustinus</subfield>
    <subfield code="3">IT\ICCU\CNCA\018257</subfield>
    <subfield code="z">Fava, Agostino</subfield>
  </datafield>
  <datafield tag="790" ind1=" " ind2="0">
    <subfield code="a">Aristotele</subfield>
    <subfield code="3">IT\ICCU\CNCA\018928</subfield>
    <subfield code="z">Aristoteles</subfield>
  </datafield>
  <datafield tag="790" ind1=" " ind2="1">
    <subfield code="a">Perionius,</subfield>
    <subfield code="b">Ioachimus</subfield>
    <subfield code="3">IT\ICCU\CNCA\014763</subfield>
    <subfield code="z">Přion, Joachim</subfield>
  </datafield>
  <datafield tag="790" ind1=" " ind2="1">
    <subfield code="a">Perionio,</subfield>
    <subfield code="b">Gioacchino</subfield>
    <subfield code="3">IT\ICCU\CNCA\021996</subfield>
    <subfield code="z">Přion, Joachim</subfield>
  </datafield>
  <datafield tag="791" ind1="0" ind2="0">
    <subfield code="a">Zangrandis, Virgilio de&apos;</subfield>
    <subfield code="3">IT\ICCU\CNCT\002804</subfield>
    <subfield code="z">Giangrandi, Virgilio</subfield>
  </datafield>
  <datafield tag="791" ind1="0" ind2="0">
    <subfield code="a">Zangrandi, Virgilio</subfield>
    <subfield code="3">IT\ICCU\CNCT\002805</subfield>
    <subfield code="z">Giangrandi, Virgilio</subfield>
  </datafield>
  <datafield tag="801" ind1=" " ind2="3">
    <subfield code="a">IT</subfield>
    <subfield code="b">ICCU</subfield>
    <subfield code="c">20201114</subfield>
  </datafield>
</record>
</collection>
